<!DOCTYPE html>
<meta charset="utf-8" />
<!-- version 1 -->
<title>[Gen 9] Random Battle replay: Sprizz67 vs. Cao Tinhoso SBC</title>
<style>
html,body {font-family:Verdana, sans-serif;font-size:10pt;margin:0;padding:0;}body{padding:12px 0;} .battle-log {font-family:Verdana, sans-serif;font-size:10pt;} .battle-log-inline {border:1px solid #AAAAAA;background:#EEF2F5;color:black;max-width:640px;margin:0 auto 80px;padding-bottom:5px;} .battle-log .inner {padding:4px 8px 0px 8px;} .battle-log .inner-preempt {padding:0 8px 4px 8px;} .battle-log .inner-after {margin-top:0.5em;} .battle-log h2 {margin:0.5em -8px;padding:4px 8px;border:1px solid #AAAAAA;background:#E0E7EA;border-left:0;border-right:0;font-family:Verdana, sans-serif;font-size:13pt;} .battle-log .chat {vertical-align:middle;padding:3px 0 3px 0;font-size:8pt;} .battle-log .chat strong {color:#40576A;} .battle-log .chat em {padding:1px 4px 1px 3px;color:#000000;font-style:normal;} .chat.mine {background:rgba(0,0,0,0.05);margin-left:-8px;margin-right:-8px;padding-left:8px;padding-right:8px;} .spoiler {color:#BBBBBB;background:#BBBBBB;padding:0px 3px;} .spoiler:hover, .spoiler:active, .spoiler-shown {color:#000000;background:#E2E2E2;padding:0px 3px;} .spoiler a {color:#BBBBBB;} .spoiler:hover a, .spoiler:active a, .spoiler-shown a {color:#2288CC;} .chat code, .chat .spoiler:hover code, .chat .spoiler:active code, .chat .spoiler-shown code {border:1px solid #C0C0C0;background:#EEEEEE;color:black;padding:0 2px;} .chat .spoiler code {border:1px solid #CCCCCC;background:#CCCCCC;color:#CCCCCC;} .battle-log .rated {padding:3px 4px;} .battle-log .rated strong {color:white;background:#89A;padding:1px 4px;border-radius:4px;} .spacer {margin-top:0.5em;} .message-announce {background:#6688AA;color:white;padding:1px 4px 2px;} .message-announce a, .broadcast-green a, .broadcast-blue a, .broadcast-red a {color:#DDEEFF;} .broadcast-green {background-color:#559955;color:white;padding:2px 4px;} .broadcast-blue {background-color:#6688AA;color:white;padding:2px 4px;} .infobox {border:1px solid #6688AA;padding:2px 4px;} .infobox-limited {max-height:200px;overflow:auto;overflow-x:hidden;} .broadcast-red {background-color:#AA5544;color:white;padding:2px 4px;} .message-learn-canlearn {font-weight:bold;color:#228822;text-decoration:underline;} .message-learn-cannotlearn {font-weight:bold;color:#CC2222;text-decoration:underline;} .message-effect-weak {font-weight:bold;color:#CC2222;} .message-effect-resist {font-weight:bold;color:#6688AA;} .message-effect-immune {font-weight:bold;color:#666666;} .message-learn-list {margin-top:0;margin-bottom:0;} .message-throttle-notice, .message-error {color:#992222;} .message-overflow, .chat small.message-overflow {font-size:0pt;} .message-overflow::before {font-size:9pt;content:'...';} .subtle {color:#3A4A66;}
</style>
<div class="wrapper replay-wrapper" style="max-width:1180px;margin:0 auto">
<input type="hidden" name="replayid" value="gen9randombattle-2269372567-nc68ykl4oqsm17zsaer6c9zj9az7xj6pw" />
<div class="battle"></div><div class="battle-log"></div><div class="replay-controls"></div><div class="replay-controls-2"></div>
<h1 style="font-weight:normal;text-align:center"><strong>[Gen 9] Random Battle</strong><br /><a href="http://pokemonshowdown.com/users/sprizz67" class="subtle" target="_blank">Sprizz67</a> vs. <a href="http://pokemonshowdown.com/users/caotinhososbc" class="subtle" target="_blank">Cao Tinhoso SBC</a></h1>
<script type="text/plain" class="battle-log-data">|j|☆Sprizz67
|j|☆Cao Tinhoso SBC

|t:|1735135936
|gametype|singles
|player|p1|Sprizz67|265|1188
|player|p2|Cao Tinhoso SBC|1|1215
|teamsize|p1|6
|teamsize|p2|6
|gen|9
|tier|[Gen 9] Random Battle
|rated|
|rule|Species Clause: Limit one of each Pokémon
|rule|HP Percentage Mod: HP is shown in percentages
|rule|Sleep Clause Mod: Limit one foe put to sleep
|rule|Illusion Level Mod: Illusion disguises the Pokémon's true level
|
|t:|1735135936
|start
|switch|p1a: Ursaluna|Ursaluna-Bloodmoon, L79, M|100\/100
|switch|p2a: Exeggutor|Exeggutor, L89, F|312\/312
|turn|1
|inactive|Battle timer is ON: inactive players will automatically lose when time's up. (requested by Cao Tinhoso SBC)
|inactive|Time left: 150 sec this turn | 150 sec total | 60 sec grace
|inactive|Sprizz67 has 120 seconds left.
|
|t:|1735135968
|move|p2a: Exeggutor|Leech Seed|p1a: Ursaluna
|-start|p1a: Ursaluna|move: Leech Seed
|move|p1a: Ursaluna|Blood Moon|p2a: Exeggutor
|-damage|p2a: Exeggutor|138\/312
|-enditem|p2a: Exeggutor|Sitrus Berry|[eat]
|-heal|p2a: Exeggutor|216\/312|[from] item: Sitrus Berry
|
|-damage|p1a: Ursaluna|88\/100|[from] Leech Seed|[of] p2a: Exeggutor
|-heal|p2a: Exeggutor|254\/312|[silent]
|-item|p2a: Exeggutor|Sitrus Berry|[from] ability: Harvest
|upkeep
|turn|2
|inactive|Time left: 150 sec this turn | 150 sec total
|
|t:|1735135980
|move|p2a: Exeggutor|Substitute|p2a: Exeggutor
|-start|p2a: Exeggutor|Substitute
|-damage|p2a: Exeggutor|176\/312
|move|p1a: Ursaluna|Calm Mind|p1a: Ursaluna
|-boost|p1a: Ursaluna|spa|1
|-boost|p1a: Ursaluna|spd|1
|
|-heal|p1a: Ursaluna|94\/100|[from] item: Leftovers
|-damage|p1a: Ursaluna|82\/100|[from] Leech Seed|[of] p2a: Exeggutor
|-heal|p2a: Exeggutor|214\/312|[silent]
|upkeep
|turn|3
|inactive|Time left: 150 sec this turn | 150 sec total
|
|t:|1735135993
|move|p1a: Ursaluna|Vacuum Wave|p2a: Exeggutor
|-resisted|p2a: Exeggutor
|-activate|p2a: Exeggutor|move: Substitute|[damage]
|move|p2a: Exeggutor|Psychic Noise|p1a: Ursaluna
|-damage|p1a: Ursaluna|53\/100
|-start|p1a: Ursaluna|move: Heal Block
|
|-damage|p1a: Ursaluna|40\/100|[from] Leech Seed|[of] p2a: Exeggutor
|-heal|p2a: Exeggutor|252\/312|[silent]
|upkeep
|turn|4
|inactive|Time left: 150 sec this turn | 150 sec total
|
|t:|1735136006
|move|p1a: Ursaluna|Vacuum Wave|p2a: Exeggutor
|-resisted|p2a: Exeggutor
|-activate|p2a: Exeggutor|move: Substitute|[damage]
|move|p2a: Exeggutor|Psychic Noise|p1a: Ursaluna
|-damage|p1a: Ursaluna|9\/100
|
|-damage|p1a: Ursaluna|0 fnt|[from] Leech Seed|[of] p2a: Exeggutor
|-heal|p2a: Exeggutor|278\/312|[silent]
|faint|p1a: Ursaluna
|upkeep
|inactive|Time left: 150 sec this turn | 150 sec total
|
|t:|1735136026
|switch|p1a: Arbok|Arbok, L87, F|100\/100
|-ability|p1a: Arbok|Intimidate|boost
|-immune|p2a: Exeggutor
|turn|5
|inactive|Time left: 150 sec this turn | 150 sec total
|
|t:|1735136037
|move|p1a: Arbok|Sucker Punch||[still]
|-fail|p1a: Arbok
|move|p2a: Exeggutor|Leech Seed|p1a: Arbok|[miss]
|-miss|p2a: Exeggutor|p1a: Arbok
|
|upkeep
|turn|6
|inactive|Time left: 150 sec this turn | 150 sec total
|
|t:|1735136044
|move|p1a: Arbok|Knock Off|p2a: Exeggutor
|-supereffective|p2a: Exeggutor
|-end|p2a: Exeggutor|Substitute
|-damage|p1a: Arbok|91\/100|[from] item: Life Orb
|move|p2a: Exeggutor|Leech Seed|p1a: Arbok
|-start|p1a: Arbok|move: Leech Seed
|
|-damage|p1a: Arbok|79\/100|[from] Leech Seed|[of] p2a: Exeggutor
|-heal|p2a: Exeggutor|308\/312|[silent]
|upkeep
|turn|7
|inactive|Time left: 150 sec this turn | 150 sec total
|
|t:|1735136066
|move|p2a: Exeggutor|Protect|p2a: Exeggutor
|-singleturn|p2a: Exeggutor|Protect
|move|p1a: Arbok|Gunk Shot|p2a: Exeggutor
|-activate|p2a: Exeggutor|move: Protect
|
|-damage|p1a: Arbok|66\/100|[from] Leech Seed|[of] p2a: Exeggutor
|-heal|p2a: Exeggutor|312\/312|[silent]
|upkeep
|turn|8
|inactive|Time left: 140 sec this turn | 140 sec total
|
|t:|1735136075
|move|p1a: Arbok|Gunk Shot|p2a: Exeggutor
|-supereffective|p2a: Exeggutor
|-damage|p2a: Exeggutor|0 fnt
|faint|p2a: Exeggutor
|-damage|p1a: Arbok|57\/100|[from] item: Life Orb
|
|upkeep
|inactive|Time left: 140 sec this turn | 140 sec total
|
|t:|1735136093
|switch|p2a: Gliscor|Gliscor, L76, F|239\/239
|turn|9
|inactive|Time left: 135 sec this turn | 135 sec total
|
|t:|1735136098
|move|p1a: Arbok|Toxic Spikes|p2a: Gliscor
|-sidestart|p2: Cao Tinhoso SBC|move: Toxic Spikes
|move|p2a: Gliscor|Earthquake|p1a: Arbok
|-supereffective|p1a: Arbok
|-damage|p1a: Arbok|0 fnt
|faint|p1a: Arbok
|
|-status|p2a: Gliscor|tox|[from] item: Toxic Orb
|upkeep
|inactive|Time left: 140 sec this turn | 140 sec total
|inactive|Sprizz67 has 120 seconds left.
|
|t:|1735136131
|switch|p1a: Whimsicott|Whimsicott, L85, F|100\/100
|turn|10
|inactive|Time left: 150 sec this turn | 150 sec total
|
|t:|1735136148
|switch|p2a: Jolteon|Jolteon, L84, F|246\/246
|-status|p2a: Jolteon|psn
|move|p1a: Whimsicott|Leech Seed|p2a: Jolteon
|-start|p2a: Jolteon|move: Leech Seed
|
|-damage|p2a: Jolteon|216\/246 psn|[from] Leech Seed|[of] p1a: Whimsicott
|-damage|p2a: Jolteon|186\/246 psn|[from] psn
|upkeep
|turn|11
|inactive|Time left: 145 sec this turn | 145 sec total
|
|t:|1735136159
|-terastallize|p2a: Jolteon|Ice
|move|p1a: Whimsicott|Encore||[still]
|-fail|p1a: Whimsicott
|move|p2a: Jolteon|Tera Blast|p1a: Whimsicott|[anim] Tera Blast Ice
|-supereffective|p1a: Whimsicott
|-damage|p1a: Whimsicott|11\/100
|
|-heal|p2a: Jolteon|201\/246 psn|[from] item: Leftovers
|-heal|p1a: Whimsicott|17\/100|[from] item: Leftovers
|-damage|p2a: Jolteon|171\/246 psn|[from] Leech Seed|[of] p1a: Whimsicott
|-heal|p1a: Whimsicott|30\/100|[silent]
|-damage|p2a: Jolteon|141\/246 psn|[from] psn
|upkeep
|turn|12
|inactive|Time left: 145 sec this turn | 145 sec total
|inactive|Sprizz67 has 120 seconds left.
|
|t:|1735136182
|switch|p1a: Chien-Pao|Chien-Pao, L72|100\/100
|-ability|p1a: Chien-Pao|Sword of Ruin
|move|p2a: Jolteon|Tera Blast|p1a: Chien-Pao|[anim] Tera Blast Ice
|-resisted|p1a: Chien-Pao
|-damage|p1a: Chien-Pao|71\/100
|
|-heal|p2a: Jolteon|156\/246 psn|[from] item: Leftovers
|-damage|p2a: Jolteon|126\/246 psn|[from] Leech Seed|[of] p1a: Chien-Pao
|-heal|p1a: Chien-Pao|84\/100|[silent]
|-damage|p2a: Jolteon|96\/246 psn|[from] psn
|upkeep
|turn|13
|inactive|Time left: 145 sec this turn | 145 sec total
|inactive|Sprizz67 has 120 seconds left.
|
|t:|1735136206
|move|p2a: Jolteon|Thunderbolt|p1a: Chien-Pao
|-damage|p1a: Chien-Pao|21\/100
|move|p1a: Chien-Pao|Swords Dance|p1a: Chien-Pao
|-boost|p1a: Chien-Pao|atk|2
|
|-heal|p2a: Jolteon|111\/246 psn|[from] item: Leftovers
|-damage|p2a: Jolteon|81\/246 psn|[from] Leech Seed|[of] p1a: Chien-Pao
|-heal|p1a: Chien-Pao|33\/100|[silent]
|-damage|p2a: Jolteon|51\/246 psn|[from] psn
|upkeep
|turn|14
|inactive|Time left: 145 sec this turn | 145 sec total
|
|t:|1735136226
|move|p2a: Jolteon|Thunderbolt|p1a: Chien-Pao
|-damage|p1a: Chien-Pao|0 fnt
|faint|p1a: Chien-Pao
|
|-heal|p2a: Jolteon|66\/246 psn|[from] item: Leftovers
|-damage|p2a: Jolteon|36\/246 psn|[from] psn
|upkeep
|inactive|Time left: 135 sec this turn | 135 sec total
|
|t:|1735136240
|switch|p1a: Indeedee|Indeedee, L84, M|100\/100
|-fieldstart|move: Psychic Terrain|[from] ability: Psychic Surge|[of] p1a: Indeedee
|turn|15
|inactive|Time left: 145 sec this turn | 145 sec total
|
|t:|1735136249
|move|p1a: Indeedee|Hyper Voice|p2a: Jolteon
|-damage|p2a: Jolteon|0 fnt
|faint|p2a: Jolteon
|
|upkeep
|inactive|Time left: 150 sec this turn | 150 sec total
|
|t:|1735136259
|switch|p2a: Ting-Lu|Ting-Lu, L78|370\/370
|-status|p2a: Ting-Lu|psn
|-ability|p2a: Ting-Lu|Vessel of Ruin
|turn|16
|inactive|Time left: 150 sec this turn | 150 sec total
|
|t:|1735136271
|switch|p1a: Bellossom|Bellossom, L84, F|100\/100
|move|p2a: Ting-Lu|Throat Chop|p1a: Bellossom
|-damage|p1a: Bellossom|73\/100
|-start|p1a: Bellossom|Throat Chop|[silent]
|
|-heal|p1a: Bellossom|79\/100|[from] item: Leftovers
|-damage|p2a: Ting-Lu|324\/370 psn|[from] psn
|upkeep
|turn|17
|inactive|Time left: 150 sec this turn | 150 sec total
|
|t:|1735136288
|move|p1a: Bellossom|Sludge Bomb|p2a: Ting-Lu
|-resisted|p2a: Ting-Lu
|-damage|p2a: Ting-Lu|297\/370 psn
|move|p2a: Ting-Lu|Stealth Rock|p1a: Bellossom
|-sidestart|p1: Sprizz67|move: Stealth Rock
|
|-heal|p1a: Bellossom|85\/100|[from] item: Leftovers
|-heal|p2a: Ting-Lu|320\/370 psn|[from] item: Leftovers
|-damage|p2a: Ting-Lu|274\/370 psn|[from] psn
|-end|p1a: Bellossom|Throat Chop|[silent]
|upkeep
|turn|18
|inactive|Time left: 150 sec this turn | 150 sec total
|
|t:|1735136302
|move|p1a: Bellossom|Giga Drain|p2a: Ting-Lu
|-supereffective|p2a: Ting-Lu
|-damage|p2a: Ting-Lu|152\/370 psn
|-heal|p1a: Bellossom|100\/100|[from] drain|[of] p2a: Ting-Lu
|move|p2a: Ting-Lu|Spikes|p1a: Bellossom
|-sidestart|p1: Sprizz67|Spikes
|
|-heal|p2a: Ting-Lu|175\/370 psn|[from] item: Leftovers
|-damage|p2a: Ting-Lu|129\/370 psn|[from] psn
|upkeep
|turn|19
|inactive|Time left: 150 sec this turn | 150 sec total
|
|t:|1735136312
|move|p1a: Bellossom|Giga Drain|p2a: Ting-Lu
|-supereffective|p2a: Ting-Lu
|-damage|p2a: Ting-Lu|0 fnt
|faint|p2a: Ting-Lu
|
|-fieldend|move: Psychic Terrain
|upkeep
|inactive|Time left: 145 sec this turn | 145 sec total
|
|t:|1735136323
|switch|p2a: Gliscor|Gliscor, L76, F|239\/239 tox
|turn|20
|inactive|Time left: 145 sec this turn | 145 sec total
|
|t:|1735136341
|move|p2a: Gliscor|Toxic|p1a: Bellossom
|-status|p1a: Bellossom|tox
|move|p1a: Bellossom|Giga Drain|p2a: Gliscor
|-damage|p2a: Gliscor|154\/239 tox
|
|-heal|p2a: Gliscor|183\/239 tox|[from] ability: Poison Heal
|-damage|p1a: Bellossom|94\/100 tox|[from] psn
|upkeep
|turn|21
|inactive|Time left: 150 sec this turn | 150 sec total
|
|t:|1735136359
|move|p2a: Gliscor|Protect|p2a: Gliscor
|-singleturn|p2a: Gliscor|Protect
|move|p1a: Bellossom|Quiver Dance|p1a: Bellossom
|-boost|p1a: Bellossom|spa|1
|-boost|p1a: Bellossom|spd|1
|-boost|p1a: Bellossom|spe|1
|
|-heal|p1a: Bellossom|100\/100 tox|[from] item: Leftovers
|-damage|p1a: Bellossom|88\/100 tox|[from] psn
|-heal|p2a: Gliscor|212\/239 tox|[from] ability: Poison Heal
|upkeep
|turn|22
|inactive|Time left: 150 sec this turn | 150 sec total
|
|t:|1735136370
|move|p1a: Bellossom|Quiver Dance|p1a: Bellossom
|-boost|p1a: Bellossom|spa|1
|-boost|p1a: Bellossom|spd|1
|-boost|p1a: Bellossom|spe|1
|move|p2a: Gliscor|Substitute|p2a: Gliscor
|-start|p2a: Gliscor|Substitute
|-damage|p2a: Gliscor|153\/239 tox
|
|-heal|p1a: Bellossom|94\/100 tox|[from] item: Leftovers
|-damage|p1a: Bellossom|76\/100 tox|[from] psn
|-heal|p2a: Gliscor|182\/239 tox|[from] ability: Poison Heal
|upkeep
|turn|23
|inactive|Time left: 150 sec this turn | 150 sec total
|
|t:|1735136386
|move|p1a: Bellossom|Giga Drain|p2a: Gliscor
|-end|p2a: Gliscor|Substitute
|-heal|p1a: Bellossom|88\/100 tox|[from] drain|[of] p2a: Gliscor
|move|p2a: Gliscor|Earthquake|p1a: Bellossom
|-resisted|p1a: Bellossom
|-damage|p1a: Bellossom|71\/100 tox
|
|-heal|p1a: Bellossom|77\/100 tox|[from] item: Leftovers
|-damage|p1a: Bellossom|53\/100 tox|[from] psn
|-heal|p2a: Gliscor|211\/239 tox|[from] ability: Poison Heal
|upkeep
|turn|24
|inactive|Time left: 145 sec this turn | 145 sec total
|
|t:|1735136406
|move|p2a: Gliscor|Protect|p2a: Gliscor
|-singleturn|p2a: Gliscor|Protect
|move|p1a: Bellossom|Giga Drain|p2a: Gliscor
|-activate|p2a: Gliscor|move: Protect
|
|-heal|p1a: Bellossom|59\/100 tox|[from] item: Leftovers
|-damage|p1a: Bellossom|29\/100 tox|[from] psn
|-heal|p2a: Gliscor|239\/239 tox|[from] ability: Poison Heal
|upkeep
|turn|25
|inactive|Time left: 140 sec this turn | 140 sec total
|
|t:|1735136417
|move|p1a: Bellossom|Giga Drain|p2a: Gliscor
|-damage|p2a: Gliscor|47\/239 tox
|-heal|p1a: Bellossom|65\/100 tox|[from] drain|[of] p2a: Gliscor
|move|p2a: Gliscor|Substitute|p2a: Gliscor
|-fail|p2a: Gliscor|move: Substitute|[weak]
|
|-heal|p1a: Bellossom|71\/100 tox|[from] item: Leftovers
|-damage|p1a: Bellossom|35\/100 tox|[from] psn
|-heal|p2a: Gliscor|76\/239 tox|[from] ability: Poison Heal
|upkeep
|turn|26
|inactive|Time left: 140 sec this turn | 140 sec total
|
|t:|1735136431
|move|p2a: Gliscor|Protect|p2a: Gliscor
|-singleturn|p2a: Gliscor|Protect
|move|p1a: Bellossom|Giga Drain|p2a: Gliscor
|-activate|p2a: Gliscor|move: Protect
|
|-heal|p1a: Bellossom|41\/100 tox|[from] item: Leftovers
|-damage|p1a: Bellossom|0 fnt|[from] psn
|faint|p1a: Bellossom
|-heal|p2a: Gliscor|105\/239 tox|[from] ability: Poison Heal
|upkeep
|inactive|Time left: 135 sec this turn | 135 sec total
|
|t:|1735136444
|switch|p1a: Whimsicott|Whimsicott, L85, F|30\/100
|-damage|p1a: Whimsicott|17\/100|[from] Stealth Rock
|-damage|p1a: Whimsicott|5\/100|[from] Spikes
|turn|27
|inactive|Time left: 145 sec this turn | 145 sec total
|
|t:|1735136453
|move|p1a: Whimsicott|Leech Seed|p2a: Gliscor
|-start|p2a: Gliscor|move: Leech Seed
|move|p2a: Gliscor|Toxic|p1a: Whimsicott
|-status|p1a: Whimsicott|tox
|
|-heal|p1a: Whimsicott|11\/100 tox|[from] item: Leftovers
|-damage|p2a: Gliscor|76\/239 tox|[from] Leech Seed|[of] p1a: Whimsicott
|-heal|p1a: Whimsicott|23\/100 tox|[silent]
|-damage|p1a: Whimsicott|17\/100 tox|[from] psn
|-heal|p2a: Gliscor|105\/239 tox|[from] ability: Poison Heal
|upkeep
|turn|28
|inactive|Time left: 150 sec this turn | 150 sec total
|
|t:|1735136472
|move|p1a: Whimsicott|Moonblast|p2a: Gliscor
|-damage|p2a: Gliscor|0 fnt
|faint|p2a: Gliscor
|
|-heal|p1a: Whimsicott|23\/100 tox|[from] item: Leftovers
|-damage|p1a: Whimsicott|10\/100 tox|[from] psn
|upkeep
|inactive|Time left: 140 sec this turn | 140 sec total
|
|t:|1735136481
|switch|p2a: Conkeldurr|Conkeldurr, L80, F|299\/299
|-status|p2a: Conkeldurr|psn
|turn|29
|inactive|Time left: 145 sec this turn | 145 sec total
|
|t:|1735136486
|move|p1a: Whimsicott|Leech Seed|p2a: Conkeldurr
|-start|p2a: Conkeldurr|move: Leech Seed
|move|p2a: Conkeldurr|Mach Punch|p1a: Whimsicott
|-resisted|p1a: Whimsicott
|-damage|p1a: Whimsicott|0 fnt
|faint|p1a: Whimsicott
|
|-damage|p2a: Conkeldurr|262\/299 psn|[from] psn
|upkeep
|inactive|Time left: 150 sec this turn | 150 sec total
|
|t:|1735136495
|switch|p1a: Indeedee|Indeedee, L84, M|100\/100
|-damage|p1a: Indeedee|88\/100|[from] Stealth Rock
|-damage|p1a: Indeedee|76\/100|[from] Spikes
|-fieldstart|move: Psychic Terrain|[from] ability: Psychic Surge|[of] p1a: Indeedee
|turn|30
|inactive|Time left: 150 sec this turn | 150 sec total
|inactive|Sprizz67 has 120 seconds left.
|
|t:|1735136508
|-terastallize|p1a: Indeedee|Psychic
|move|p1a: Indeedee|Expanding Force|p2a: Conkeldurr
|-supereffective|p2a: Conkeldurr
|-damage|p2a: Conkeldurr|0 fnt
|faint|p2a: Conkeldurr
|
|upkeep
|inactive|Time left: 150 sec this turn | 150 sec total
|
|t:|1735136514
|switch|p2a: Regirock|Regirock, L83|268\/268
|-status|p2a: Regirock|psn
|turn|31
|inactive|Time left: 150 sec this turn | 150 sec total
|
|t:|1735136521
|move|p1a: Indeedee|Expanding Force|p2a: Regirock
|-damage|p2a: Regirock|50\/268 psn
|move|p2a: Regirock|Thunder Wave|p1a: Indeedee
|-status|p1a: Indeedee|par
|
|-heal|p2a: Regirock|66\/268 psn|[from] item: Leftovers
|-damage|p2a: Regirock|33\/268 psn|[from] psn
|upkeep
|turn|32
|inactive|Time left: 150 sec this turn | 150 sec total
|inactive|Sprizz67 has 120 seconds left.
|
|t:|1735136536
|cant|p1a: Indeedee|par
|move|p2a: Regirock|Stone Edge|p1a: Indeedee
|-crit|p1a: Indeedee
|-damage|p1a: Indeedee|0 fnt
|faint|p1a: Indeedee
|
|win|Cao Tinhoso SBC
|inactive|Time left: 145 sec this turn | 145 sec total
|raw|Sprizz67's rating: 1188 &rarr; <strong>1165<\/strong><br \/>(-23 for losing)
|raw|Cao Tinhoso SBC's rating: 1215 &rarr; <strong>1238<\/strong><br \/>(+23 for winning)
|l|☆Sprizz67</script>
</div>
<div class="battle-log battle-log-inline"><div class="inner"><div class="battle-options"><div style="padding-top: 3px; padding-right: 3px; text-align: right"><button class="icon button" name="openBattleOptions" title="Options">Battle Options</button></div></div><div class="inner message-log"><div class="chat"><small>☆Sprizz67 and ☆Cao Tinhoso SBC joined</small></div><div class=""><small>Format:</small> <br><strong>[Gen 9] Random Battle</strong></div><div class="rated"><strong>Rated battle</strong></div><div class=""><small><em>Species Clause:</em> Limit one of each Pokémon</small></div><div class=""><small><em>HP Percentage Mod:</em> HP is shown in percentages</small></div><div class=""><small><em>Sleep Clause Mod:</em> Limit one foe put to sleep</small></div><div class=""><small><em>Illusion Level Mod:</em> Illusion disguises the Pokémon's true level</small></div><div class="spacer battle-history"><br></div><div class="battle-history">Battle started between Sprizz67 and Cao Tinhoso SBC!<br></div><div class="spacer battle-history"><br></div><div class="battle-history">Sprizz67 sent out <strong>Ursaluna-Bloodmoon</strong>!<br></div><div class="spacer battle-history"><br></div><div class="battle-history">Go! <strong>Exeggutor</strong>!<br></div><div class="spacer battle-history"><br></div><h2 class="battle-history">Turn 1</h2><div class="chat message-error">Battle timer is ON: inactive players will automatically lose when time's up. (requested by Cao Tinhoso SBC)</div><div class="chat message-error">Sprizz67 has 120 seconds left.</div><div class="spacer battle-history"><br></div><div class="battle-history">Exeggutor used <strong>Leech Seed</strong>!<br></div><div class="battle-history"><small>The opposing Ursaluna-Bloodmoon was seeded!</small><br></div><div class="spacer battle-history"><br></div><div class="battle-history">The opposing Ursaluna-Bloodmoon used <strong>Blood Moon</strong>!<br></div><div class="battle-history"><small>(Exeggutor lost <abbr title="−174/312">55.8%</abbr> of its health!)</small><br></div><div class="battle-history"><small>(Exeggutor ate its Sitrus Berry!)</small><br></div><div class="battle-history"><small>Exeggutor restored HP using its Sitrus Berry!</small><br></div><div class="spacer battle-history"><br></div><div class="battle-history"><small>The opposing Ursaluna-Bloodmoon's health is sapped by Leech Seed!</small><br></div><div class="battle-history">[Exeggutor's Harvest]<br><small>Exeggutor harvested one Sitrus Berry!</small><br></div><div class="spacer battle-history"><br></div><h2 class="battle-history">Turn 2</h2><div class="spacer battle-history"><br></div><div class="battle-history">Exeggutor used <strong>Substitute</strong>!<br></div><div class="battle-history"><small>Exeggutor put in a substitute!</small><br></div><div class="battle-history"><small>(Exeggutor lost <abbr title="−78/312">25%</abbr> of its health!)</small><br></div><div class="spacer battle-history"><br></div><div class="battle-history">The opposing Ursaluna-Bloodmoon used <strong>Calm Mind</strong>!<br></div><div class="battle-history"><small>The opposing Ursaluna-Bloodmoon's Sp. Atk rose!</small><br></div><div class="battle-history"><small>The opposing Ursaluna-Bloodmoon's Sp. Def rose!</small><br></div><div class="spacer battle-history"><br></div><div class="battle-history"><small>The opposing Ursaluna-Bloodmoon restored a little HP using its Leftovers!</small><br></div><div class="battle-history"><small>The opposing Ursaluna-Bloodmoon's health is sapped by Leech Seed!</small><br></div><div class="spacer battle-history"><br></div><h2 class="battle-history">Turn 3</h2><div class="spacer battle-history"><br></div><div class="battle-history">The opposing Ursaluna-Bloodmoon used <strong>Vacuum Wave</strong>!<br></div><div class="battle-history"><small>It's not very effective...</small><br></div><div class="battle-history"><small>The substitute took damage for Exeggutor!</small><br></div><div class="spacer battle-history"><br></div><div class="battle-history">Exeggutor used <strong>Psychic Noise</strong>!<br></div><div class="battle-history"><small>(The opposing Ursaluna-Bloodmoon lost 29% of its health!)</small><br></div><div class="battle-history"><small>The opposing Ursaluna-Bloodmoon was prevented from healing!</small><br></div><div class="spacer battle-history"><br></div><div class="battle-history"><small>The opposing Ursaluna-Bloodmoon's health is sapped by Leech Seed!</small><br></div><div class="spacer battle-history"><br></div><h2 class="battle-history">Turn 4</h2><div class="spacer battle-history"><br></div><div class="battle-history">The opposing Ursaluna-Bloodmoon used <strong>Vacuum Wave</strong>!<br></div><div class="battle-history"><small>It's not very effective...</small><br></div><div class="battle-history"><small>The substitute took damage for Exeggutor!</small><br></div><div class="spacer battle-history"><br></div><div class="battle-history">Exeggutor used <strong>Psychic Noise</strong>!<br></div><div class="battle-history"><small>(The opposing Ursaluna-Bloodmoon lost 31% of its health!)</small><br></div><div class="spacer battle-history"><br></div><div class="battle-history"><small>The opposing Ursaluna-Bloodmoon's health is sapped by Leech Seed!</small><br></div><div class="spacer battle-history"><br></div><div class="battle-history">The opposing Ursaluna-Bloodmoon fainted!<br></div><div class="spacer battle-history"><br></div><div class="battle-history">Sprizz67 sent out <strong>Arbok</strong>!<br></div><div class="battle-history">[The opposing Arbok's Intimidate]<br></div><div class="battle-history"><small>It doesn't affect Exeggutor...</small><br></div><div class="spacer battle-history"><br></div><h2 class="battle-history">Turn 5</h2><div class="spacer battle-history"><br></div><div class="battle-history">The opposing Arbok used <strong>Sucker Punch</strong>!<br></div><div class="battle-history"><small>But it failed!</small><br></div><div class="spacer battle-history"><br></div><div class="battle-history">Exeggutor used <strong>Leech Seed</strong>!<br></div><div class="battle-history"><small>The opposing Arbok avoided the attack!</small><br></div><div class="spacer battle-history"><br></div><h2 class="battle-history">Turn 6</h2><div class="spacer battle-history"><br></div><div class="battle-history">The opposing Arbok used <strong>Knock Off</strong>!<br></div><div class="battle-history"><small>It's super effective!</small><br></div><div class="battle-history"><small>Exeggutor's substitute faded!</small><br></div><div class="battle-history"><small>The opposing Arbok lost some of its HP!</small><br></div><div class="spacer battle-history"><br></div><div class="battle-history">Exeggutor used <strong>Leech Seed</strong>!<br></div><div class="battle-history"><small>The opposing Arbok was seeded!</small><br></div><div class="spacer battle-history"><br></div><div class="battle-history"><small>The opposing Arbok's health is sapped by Leech Seed!</small><br></div><div class="spacer battle-history"><br></div><h2 class="battle-history">Turn 7</h2><div class="spacer battle-history"><br></div><div class="battle-history">Exeggutor used <strong>Protect</strong>!<br></div><div class="battle-history"><small>Exeggutor protected itself!</small><br></div><div class="spacer battle-history"><br></div><div class="battle-history">The opposing Arbok used <strong>Gunk Shot</strong>!<br></div><div class="battle-history"><small>Exeggutor protected itself!</small><br></div><div class="spacer battle-history"><br></div><div class="battle-history"><small>The opposing Arbok's health is sapped by Leech Seed!</small><br></div><div class="spacer battle-history"><br></div><h2 class="battle-history">Turn 8</h2><div class="spacer battle-history"><br></div><div class="battle-history">The opposing Arbok used <strong>Gunk Shot</strong>!<br></div><div class="battle-history"><small>It's super effective!</small><br></div><div class="battle-history"><small>(Exeggutor lost <abbr title="−312/312">100%</abbr> of its health!)</small><br></div><div class="spacer battle-history"><br></div><div class="battle-history">Exeggutor fainted!<br></div><div class="battle-history"><small>The opposing Arbok lost some of its HP!</small><br></div><div class="spacer battle-history"><br></div><div class="battle-history">Go! <strong>Gliscor</strong>!<br></div><div class="spacer battle-history"><br></div><h2 class="battle-history">Turn 9</h2><div class="spacer battle-history"><br></div><div class="battle-history">The opposing Arbok used <strong>Toxic Spikes</strong>!<br></div><div class="battle-history"><small>Poison spikes were scattered on the ground all around your team!</small><br></div><div class="spacer battle-history"><br></div><div class="battle-history">Gliscor used <strong>Earthquake</strong>!<br></div><div class="battle-history"><small>It's super effective!</small><br></div><div class="battle-history"><small>(The opposing Arbok lost 57% of its health!)</small><br></div><div class="spacer battle-history"><br></div><div class="battle-history">The opposing Arbok fainted!<br></div><div class="spacer battle-history"><br></div><div class="battle-history"><small>Gliscor was badly poisoned!</small><br></div><div class="chat message-error">Sprizz67 has 120 seconds left.</div><div class="spacer battle-history"><br></div><div class="battle-history">Sprizz67 sent out <strong>Whimsicott</strong>!<br></div><div class="spacer battle-history"><br></div><h2 class="battle-history">Turn 10</h2><div class="spacer battle-history"><br></div><div class="battle-history">Gliscor, come back!<br></div><div class="battle-history">Go! <strong>Jolteon</strong>!<br></div><div class="battle-history"><small>Jolteon was poisoned!</small><br></div><div class="spacer battle-history"><br></div><div class="battle-history">The opposing Whimsicott used <strong>Leech Seed</strong>!<br></div><div class="battle-history"><small>Jolteon was seeded!</small><br></div><div class="spacer battle-history"><br></div><div class="battle-history"><small>Jolteon's health is sapped by Leech Seed!</small><br></div><div class="battle-history"><small>Jolteon was hurt by poison!</small><br></div><div class="spacer battle-history"><br></div><h2 class="battle-history">Turn 11</h2><div class="spacer battle-history"><br></div><div class="battle-history"><small>Jolteon has Terastallized into the Ice-type!</small><br></div><div class="spacer battle-history"><br></div><div class="battle-history">The opposing Whimsicott used <strong>Encore</strong>!<br></div><div class="battle-history"><small>But it failed!</small><br></div><div class="spacer battle-history"><br></div><div class="battle-history">Jolteon used <strong>Tera Blast</strong>!<br></div><div class="battle-history"><small>It's super effective!</small><br></div><div class="battle-history"><small>(The opposing Whimsicott lost 89% of its health!)</small><br></div><div class="spacer battle-history"><br></div><div class="battle-history"><small>Jolteon restored a little HP using its Leftovers!</small><br></div><div class="battle-history"><small>The opposing Whimsicott restored a little HP using its Leftovers!</small><br></div><div class="battle-history"><small>Jolteon's health is sapped by Leech Seed!</small><br></div><div class="battle-history"><small>Jolteon was hurt by poison!</small><br></div><div class="spacer battle-history"><br></div><h2 class="battle-history">Turn 12</h2><div class="chat message-error">Sprizz67 has 120 seconds left.</div><div class="spacer battle-history"><br></div><div class="battle-history">Sprizz67 withdrew Whimsicott!<br></div><div class="battle-history">Sprizz67 sent out <strong>Chien-Pao</strong>!<br></div><div class="battle-history">[The opposing Chien-Pao's Sword of Ruin]<br><small>The opposing Chien-Pao's Sword of Ruin weakened the Defense of all surrounding Pokémon!</small><br></div><div class="spacer battle-history"><br></div><div class="battle-history">Jolteon used <strong>Tera Blast</strong>!<br></div><div class="battle-history"><small>It's not very effective...</small><br></div><div class="battle-history"><small>(The opposing Chien-Pao lost 29% of its health!)</small><br></div><div class="spacer battle-history"><br></div><div class="battle-history"><small>Jolteon restored a little HP using its Leftovers!</small><br></div><div class="battle-history"><small>Jolteon's health is sapped by Leech Seed!</small><br></div><div class="battle-history"><small>Jolteon was hurt by poison!</small><br></div><div class="spacer battle-history"><br></div><h2 class="battle-history">Turn 13</h2><div class="chat message-error">Sprizz67 has 120 seconds left.</div><div class="spacer battle-history"><br></div><div class="battle-history">Jolteon used <strong>Thunderbolt</strong>!<br></div><div class="battle-history"><small>(The opposing Chien-Pao lost 63% of its health!)</small><br></div><div class="spacer battle-history"><br></div><div class="battle-history">The opposing Chien-Pao used <strong>Swords Dance</strong>!<br></div><div class="battle-history"><small>The opposing Chien-Pao's Attack rose sharply!</small><br></div><div class="spacer battle-history"><br></div><div class="battle-history"><small>Jolteon restored a little HP using its Leftovers!</small><br></div><div class="battle-history"><small>Jolteon's health is sapped by Leech Seed!</small><br></div><div class="battle-history"><small>Jolteon was hurt by poison!</small><br></div><div class="spacer battle-history"><br></div><h2 class="battle-history">Turn 14</h2><div class="spacer battle-history"><br></div><div class="battle-history">Jolteon used <strong>Thunderbolt</strong>!<br></div><div class="battle-history"><small>(The opposing Chien-Pao lost 33% of its health!)</small><br></div><div class="spacer battle-history"><br></div><div class="battle-history">The opposing Chien-Pao fainted!<br></div><div class="spacer battle-history"><br></div><div class="battle-history"><small>Jolteon restored a little HP using its Leftovers!</small><br></div><div class="battle-history"><small>Jolteon was hurt by poison!</small><br></div><div class="spacer battle-history"><br></div><div class="battle-history">Sprizz67 sent out <strong>Indeedee</strong>!<br></div><div class="battle-history">[The opposing Indeedee's Psychic Surge]<br><small>The battlefield got weird!</small><br></div><div class="spacer battle-history"><br></div><h2 class="battle-history">Turn 15</h2><div class="spacer battle-history"><br></div><div class="battle-history">The opposing Indeedee used <strong>Hyper Voice</strong>!<br></div><div class="battle-history"><small>(Jolteon lost <abbr title="−36/246">14.6%</abbr> of its health!)</small><br></div><div class="spacer battle-history"><br></div><div class="battle-history">Jolteon fainted!<br></div><div class="spacer battle-history"><br></div><div class="battle-history">Go! <strong>Ting-Lu</strong>!<br></div><div class="battle-history"><small>Ting-Lu was poisoned!</small><br></div><div class="battle-history">[Ting-Lu's Vessel of Ruin]<br><small>Ting-Lu's Vessel of Ruin weakened the Sp. Atk of all surrounding Pokémon!</small><br></div><div class="spacer battle-history"><br></div><h2 class="battle-history">Turn 16</h2><div class="spacer battle-history"><br></div><div class="battle-history">Sprizz67 withdrew Indeedee!<br></div><div class="battle-history">Sprizz67 sent out <strong>Bellossom</strong>!<br></div><div class="spacer battle-history"><br></div><div class="battle-history">Ting-Lu used <strong>Throat Chop</strong>!<br></div><div class="battle-history"><small>(The opposing Bellossom lost 27% of its health!)</small><br></div><div class="spacer battle-history"><br></div><div class="battle-history"><small>The opposing Bellossom restored a little HP using its Leftovers!</small><br></div><div class="battle-history"><small>Ting-Lu was hurt by poison!</small><br></div><div class="spacer battle-history"><br></div><h2 class="battle-history">Turn 17</h2><div class="spacer battle-history"><br></div><div class="battle-history">The opposing Bellossom used <strong>Sludge Bomb</strong>!<br></div><div class="battle-history"><small>It's not very effective...</small><br></div><div class="battle-history"><small>(Ting-Lu lost <abbr title="−27/370">7.3%</abbr> of its health!)</small><br></div><div class="spacer battle-history"><br></div><div class="battle-history">Ting-Lu used <strong>Stealth Rock</strong>!<br></div><div class="battle-history"><small>Pointed stones float in the air around the opposing team!</small><br></div><div class="spacer battle-history"><br></div><div class="battle-history"><small>The opposing Bellossom restored a little HP using its Leftovers!</small><br></div><div class="battle-history"><small>Ting-Lu restored a little HP using its Leftovers!</small><br></div><div class="battle-history"><small>Ting-Lu was hurt by poison!</small><br></div><div class="spacer battle-history"><br></div><h2 class="battle-history">Turn 18</h2><div class="spacer battle-history"><br></div><div class="battle-history">The opposing Bellossom used <strong>Giga Drain</strong>!<br></div><div class="battle-history"><small>It's super effective!</small><br></div><div class="battle-history"><small>(Ting-Lu lost <abbr title="−122/370">33.0%</abbr> of its health!)</small><br></div><div class="battle-history"><small>Ting-Lu had its energy drained!</small><br></div><div class="spacer battle-history"><br></div><div class="battle-history">Ting-Lu used <strong>Spikes</strong>!<br></div><div class="battle-history"><small>Spikes were scattered on the ground all around the opposing team!</small><br></div><div class="spacer battle-history"><br></div><div class="battle-history"><small>Ting-Lu restored a little HP using its Leftovers!</small><br></div><div class="battle-history"><small>Ting-Lu was hurt by poison!</small><br></div><div class="spacer battle-history"><br></div><h2 class="battle-history">Turn 19</h2><div class="spacer battle-history"><br></div><div class="battle-history">The opposing Bellossom used <strong>Giga Drain</strong>!<br></div><div class="battle-history"><small>It's super effective!</small><br></div><div class="battle-history"><small>(Ting-Lu lost <abbr title="−129/370">34.9%</abbr> of its health!)</small><br></div><div class="spacer battle-history"><br></div><div class="battle-history">Ting-Lu fainted!<br></div><div class="spacer battle-history"><br></div><div class="battle-history"><small>The weirdness disappeared from the battlefield!</small><br></div><div class="spacer battle-history"><br></div><div class="battle-history">Go! <strong>Gliscor</strong>!<br></div><div class="spacer battle-history"><br></div><h2 class="battle-history">Turn 20</h2><div class="spacer battle-history"><br></div><div class="battle-history">Gliscor used <strong>Toxic</strong>!<br></div><div class="battle-history"><small>The opposing Bellossom was badly poisoned!</small><br></div><div class="spacer battle-history"><br></div><div class="battle-history">The opposing Bellossom used <strong>Giga Drain</strong>!<br></div><div class="battle-history"><small>(Gliscor lost <abbr title="−85/239">35.6%</abbr> of its health!)</small><br></div><div class="spacer battle-history"><br></div><div class="battle-history">[Gliscor's Poison Heal]<br><small>Gliscor had its HP restored.</small><br></div><div class="battle-history"><small>The opposing Bellossom was hurt by poison!</small><br></div><div class="spacer battle-history"><br></div><h2 class="battle-history">Turn 21</h2><div class="spacer battle-history"><br></div><div class="battle-history">Gliscor used <strong>Protect</strong>!<br></div><div class="battle-history"><small>Gliscor protected itself!</small><br></div><div class="spacer battle-history"><br></div><div class="battle-history">The opposing Bellossom used <strong>Quiver Dance</strong>!<br></div><div class="battle-history"><small>The opposing Bellossom's Sp. Atk rose!</small><br></div><div class="battle-history"><small>The opposing Bellossom's Sp. Def rose!</small><br></div><div class="battle-history"><small>The opposing Bellossom's Speed rose!</small><br></div><div class="spacer battle-history"><br></div><div class="battle-history"><small>The opposing Bellossom restored a little HP using its Leftovers!</small><br></div><div class="battle-history"><small>The opposing Bellossom was hurt by poison!</small><br></div><div class="battle-history">[Gliscor's Poison Heal]<br><small>Gliscor had its HP restored.</small><br></div><div class="spacer battle-history"><br></div><h2 class="battle-history">Turn 22</h2><div class="spacer battle-history"><br></div><div class="battle-history">The opposing Bellossom used <strong>Quiver Dance</strong>!<br></div><div class="battle-history"><small>The opposing Bellossom's Sp. Atk rose!</small><br></div><div class="battle-history"><small>The opposing Bellossom's Sp. Def rose!</small><br></div><div class="battle-history"><small>The opposing Bellossom's Speed rose!</small><br></div><div class="spacer battle-history"><br></div><div class="battle-history">Gliscor used <strong>Substitute</strong>!<br></div><div class="battle-history"><small>Gliscor put in a substitute!</small><br></div><div class="battle-history"><small>(Gliscor lost <abbr title="−59/239">24.7%</abbr> of its health!)</small><br></div><div class="spacer battle-history"><br></div><div class="battle-history"><small>The opposing Bellossom restored a little HP using its Leftovers!</small><br></div><div class="battle-history"><small>The opposing Bellossom was hurt by poison!</small><br></div><div class="battle-history">[Gliscor's Poison Heal]<br><small>Gliscor had its HP restored.</small><br></div><div class="spacer battle-history"><br></div><h2 class="battle-history">Turn 23</h2><div class="spacer battle-history"><br></div><div class="battle-history">The opposing Bellossom used <strong>Giga Drain</strong>!<br></div><div class="battle-history"><small>Gliscor's substitute faded!</small><br></div><div class="battle-history"><small>Gliscor had its energy drained!</small><br></div><div class="spacer battle-history"><br></div><div class="battle-history">Gliscor used <strong>Earthquake</strong>!<br></div><div class="battle-history"><small>It's not very effective...</small><br></div><div class="battle-history"><small>(The opposing Bellossom lost 17% of its health!)</small><br></div><div class="spacer battle-history"><br></div><div class="battle-history"><small>The opposing Bellossom restored a little HP using its Leftovers!</small><br></div><div class="battle-history"><small>The opposing Bellossom was hurt by poison!</small><br></div><div class="battle-history">[Gliscor's Poison Heal]<br><small>Gliscor had its HP restored.</small><br></div><div class="spacer battle-history"><br></div><h2 class="battle-history">Turn 24</h2><div class="spacer battle-history"><br></div><div class="battle-history">Gliscor used <strong>Protect</strong>!<br></div><div class="battle-history"><small>Gliscor protected itself!</small><br></div><div class="spacer battle-history"><br></div><div class="battle-history">The opposing Bellossom used <strong>Giga Drain</strong>!<br></div><div class="battle-history"><small>Gliscor protected itself!</small><br></div><div class="spacer battle-history"><br></div><div class="battle-history"><small>The opposing Bellossom restored a little HP using its Leftovers!</small><br></div><div class="battle-history"><small>The opposing Bellossom was hurt by poison!</small><br></div><div class="battle-history">[Gliscor's Poison Heal]<br><small>Gliscor had its HP restored.</small><br></div><div class="spacer battle-history"><br></div><h2 class="battle-history">Turn 25</h2><div class="spacer battle-history"><br></div><div class="battle-history">The opposing Bellossom used <strong>Giga Drain</strong>!<br></div><div class="battle-history"><small>(Gliscor lost <abbr title="−192/239">80.3%</abbr> of its health!)</small><br></div><div class="battle-history"><small>Gliscor had its energy drained!</small><br></div><div class="spacer battle-history"><br></div><div class="battle-history">Gliscor used <strong>Substitute</strong>!<br></div><div class="battle-history"><small>But it does not have enough HP left to make a substitute!</small><br></div><div class="spacer battle-history"><br></div><div class="battle-history"><small>The opposing Bellossom restored a little HP using its Leftovers!</small><br></div><div class="battle-history"><small>The opposing Bellossom was hurt by poison!</small><br></div><div class="battle-history">[Gliscor's Poison Heal]<br><small>Gliscor had its HP restored.</small><br></div><div class="spacer battle-history"><br></div><h2 class="battle-history">Turn 26</h2><div class="spacer battle-history"><br></div><div class="battle-history">Gliscor used <strong>Protect</strong>!<br></div><div class="battle-history"><small>Gliscor protected itself!</small><br></div><div class="spacer battle-history"><br></div><div class="battle-history">The opposing Bellossom used <strong>Giga Drain</strong>!<br></div><div class="battle-history"><small>Gliscor protected itself!</small><br></div><div class="spacer battle-history"><br></div><div class="battle-history"><small>The opposing Bellossom restored a little HP using its Leftovers!</small><br></div><div class="battle-history"><small>The opposing Bellossom was hurt by poison!</small><br></div><div class="spacer battle-history"><br></div><div class="battle-history">The opposing Bellossom fainted!<br></div><div class="battle-history">[Gliscor's Poison Heal]<br><small>Gliscor had its HP restored.</small><br></div><div class="spacer battle-history"><br></div><div class="battle-history">Sprizz67 sent out <strong>Whimsicott</strong>!<br></div><div class="battle-history"><small>Pointed stones dug into the opposing Whimsicott!</small><br></div><div class="battle-history"><small>The opposing Whimsicott was hurt by the spikes!</small><br></div><div class="spacer battle-history"><br></div><h2 class="battle-history">Turn 27</h2><div class="spacer battle-history"><br></div><div class="battle-history">The opposing Whimsicott used <strong>Leech Seed</strong>!<br></div><div class="battle-history"><small>Gliscor was seeded!</small><br></div><div class="spacer battle-history"><br></div><div class="battle-history">Gliscor used <strong>Toxic</strong>!<br></div><div class="battle-history"><small>The opposing Whimsicott was badly poisoned!</small><br></div><div class="spacer battle-history"><br></div><div class="battle-history"><small>The opposing Whimsicott restored a little HP using its Leftovers!</small><br></div><div class="battle-history"><small>Gliscor's health is sapped by Leech Seed!</small><br></div><div class="battle-history"><small>The opposing Whimsicott was hurt by poison!</small><br></div><div class="battle-history">[Gliscor's Poison Heal]<br><small>Gliscor had its HP restored.</small><br></div><div class="spacer battle-history"><br></div><h2 class="battle-history">Turn 28</h2><div class="spacer battle-history"><br></div><div class="battle-history">The opposing Whimsicott used <strong>Moonblast</strong>!<br></div><div class="battle-history"><small>(Gliscor lost <abbr title="−105/239">43.9%</abbr> of its health!)</small><br></div><div class="spacer battle-history"><br></div><div class="battle-history">Gliscor fainted!<br></div><div class="spacer battle-history"><br></div><div class="battle-history"><small>The opposing Whimsicott restored a little HP using its Leftovers!</small><br></div><div class="battle-history"><small>The opposing Whimsicott was hurt by poison!</small><br></div><div class="spacer battle-history"><br></div><div class="battle-history">Go! <strong>Conkeldurr</strong>!<br></div><div class="battle-history"><small>Conkeldurr was poisoned!</small><br></div><div class="spacer battle-history"><br></div><h2 class="battle-history">Turn 29</h2><div class="spacer battle-history"><br></div><div class="battle-history">The opposing Whimsicott used <strong>Leech Seed</strong>!<br></div><div class="battle-history"><small>Conkeldurr was seeded!</small><br></div><div class="spacer battle-history"><br></div><div class="battle-history">Conkeldurr used <strong>Mach Punch</strong>!<br></div><div class="battle-history"><small>It's not very effective...</small><br></div><div class="battle-history"><small>(The opposing Whimsicott lost 10% of its health!)</small><br></div><div class="spacer battle-history"><br></div><div class="battle-history">The opposing Whimsicott fainted!<br></div><div class="spacer battle-history"><br></div><div class="battle-history"><small>Conkeldurr was hurt by poison!</small><br></div><div class="spacer battle-history"><br></div><div class="battle-history">Sprizz67 sent out <strong>Indeedee</strong>!<br></div><div class="battle-history"><small>Pointed stones dug into the opposing Indeedee!</small><br></div><div class="battle-history"><small>The opposing Indeedee was hurt by the spikes!</small><br></div><div class="battle-history">[The opposing Indeedee's Psychic Surge]<br><small>The battlefield got weird!</small><br></div><div class="spacer battle-history"><br></div><h2 class="battle-history">Turn 30</h2><div class="chat message-error">Sprizz67 has 120 seconds left.</div><div class="spacer battle-history"><br></div><div class="battle-history"><small>The opposing Indeedee has Terastallized into the Psychic-type!</small><br></div><div class="spacer battle-history"><br></div><div class="battle-history">The opposing Indeedee used <strong>Expanding Force</strong>!<br></div><div class="battle-history"><small>It's super effective!</small><br></div><div class="battle-history"><small>(Conkeldurr lost <abbr title="−262/299">87.6%</abbr> of its health!)</small><br></div><div class="spacer battle-history"><br></div><div class="battle-history">Conkeldurr fainted!<br></div><div class="spacer battle-history"><br></div><div class="battle-history">Go! <strong>Regirock</strong>!<br></div><div class="battle-history"><small>Regirock was poisoned!</small><br></div><div class="spacer battle-history"><br></div><h2 class="battle-history">Turn 31</h2><div class="spacer battle-history"><br></div><div class="battle-history">The opposing Indeedee used <strong>Expanding Force</strong>!<br></div><div class="battle-history"><small>(Regirock lost <abbr title="−218/268">81.3%</abbr> of its health!)</small><br></div><div class="spacer battle-history"><br></div><div class="battle-history">Regirock used <strong>Thunder Wave</strong>!<br></div><div class="battle-history"><small>The opposing Indeedee is paralyzed! It may be unable to move!</small><br></div><div class="spacer battle-history"><br></div><div class="battle-history"><small>Regirock restored a little HP using its Leftovers!</small><br></div><div class="battle-history"><small>Regirock was hurt by poison!</small><br></div><div class="spacer battle-history"><br></div><h2 class="battle-history">Turn 32</h2><div class="chat message-error">Sprizz67 has 120 seconds left.</div><div class="spacer battle-history"><br></div><div class="battle-history">The opposing Indeedee is paralyzed! It can't move!<br></div><div class="spacer battle-history"><br></div><div class="battle-history">Regirock used <strong>Stone Edge</strong>!<br></div><div class="battle-history"><small>A critical hit!</small><br></div><div class="battle-history"><small>(The opposing Indeedee lost 76% of its health!)</small><br></div><div class="spacer battle-history"><br></div><div class="battle-history">The opposing Indeedee fainted!<br></div><div class="spacer battle-history"><br></div><div class="battle-history"><strong>Cao Tinhoso SBC</strong> won the battle!<br></div><div class="chat">Sprizz67's rating: 1188 → <strong>1165</strong><br>(-23 for losing)</div><div class="chat">Cao Tinhoso SBC's rating: 1215 → <strong>1238</strong><br>(+23 for winning)</div><div class="chat"><small>☆Sprizz67 left</small></div></div><div class="inner-preempt message-log"></div></div></div>
</div>
<script>
let daily = Math.floor(Date.now()/1000/60/60/24);document.write('<script src="https://play.pokemonshowdown.com/js/replay-embed.js?version'+daily+'"></'+'script>');
</script>
